<!DOCTYPE html PUBLIC "-//W3C//DTD HTML 4.01 Transitional//EN">

<html>
<!-- Mirrored from sentimentaleconomics.eu/blog/morrison-online-shopping-groceries.html by HTTrack Website Copier/3.x [XR&CO'2014], Sat, 09 Dec 2023 03:22:00 GMT -->
<head><title></title></head><body><sup class="gejgekrhfe" id="xcedspllbu-116858"><sup class="kavejhgcn" id="tsvlntwzwz-828416"><sup class="kibfslhrgc" id="xvzmjjdnfu-712311"><sup class="tlptyxaee" id="kkbvhmsate-869287"><sup class="wttyktnjo" id="npbchyensg-266284"><sup class="ujrfpdrxg" id="skkgdryqs-86082"><sup class="qqvsulmxmf" id="ujjpsnkap-594569"><sup class="aljiqynmmh" id="ohfrmrnjds-455824"><sup class="xfycaydyu" id="hbjjuhlpg-617589"><sup class="ctfmhbfjvk" id="ssupsgvlqe-536438"><sup class="qusupgngh" id="hsfufljqqq-384831"><sup class="sqllfxecow" id="hlrvivswo-521796"><sup class="mzlihyvii" id="dxjdjwmgn-602593"><sup class="bfrtngotg" id="tqbosbnnt-581692"><sup class="dycftdgxmc" id="pndvsfmul" style="margin: 18px 27px 27px 25px; background: rgb(251,248,245) none repeat scroll 0%; font-size: 21px; -moz-background-clip: initial; -moz-background-origin: initial; -moz-background-inline-policy: initial; line-height: 34px;">Morrison online shopping groceries</sup></sup></sup></sup></sup></sup></sup></sup></sup></sup></sup></sup></sup></sup></sup><sup class="stntbwhwe" id="qjxbvwotgl-907854"><sup class="kdhxfoclj" id="koeqyydbz-295255"><sup class="hzserhvvt" id="lhsvpilgip-169384"><sup class="bwehufjou" id="bgryymrqi-420005"><sup class="ojqeggcofx" id="hmihycowgn-464621"><sup class="qymmpvhtek" id="tjuvltdlf-414566"><sup class="geeqqorov" id="sflqcecsba-78775"><sup class="phuckvcjxr" id="thnsvcuxdd-207334"><sup class="clyunsmbl" id="sgktdujoi-798114"><sup class="ntpivvjibu" id="eudkhhteu-535690"><sup class="tjfdxvtyqd" id="vikupjykyx-274645"><sup class="svmvcaumx" id="ubncgwpjim-157655"><sup class="cmmugdtnwe" id="eygziosvg-236663"><sup class="hmjdzumlk" id="ndtnbbpxo-555440"><sup style="padding: 29px 28px 26px 18px; background: rgb(247,249,251) none repeat scroll 0%; -moz-background-clip: initial; -moz-background-origin: initial; -moz-background-inline-policy: initial; line-height: 43px; display: block; font-size: 22px;"><div><h1>Morrison online shopping groceries</h1><p>Morrison online shopping groceries. MORRISONS customers have been left furious over tech issues with online shopping. The problems have seen shoppers' payments declined, some multiple times, resulting in their cards being blocked. 1Ombar Oat Milk Smooth &amp; Creamy Chocolate. 70g. £2.50 £3.57 per 100g. Add to trolley. Morrisons Online Grocery Shopping &amp; Delivery.Maldon Sea Salt. 250g. £2.49 99.6p per 100g. Add to trolley. Morrisons Online Grocery Shopping &amp; Delivery.More startup swapping in the food delivery space: Spain’s Glovo, an on-demand delivery platform which operates a network of dark stores focused on urban convenience shopping, is pushing deeper into planned grocery shopping — announcing the ...Morrisons The Best Thick Old English Sausages. 400g. £3.25 £8.13 per kg. Buy 2 for £5. Add to trolley. Offer.60ml. £5 £7 £8.34 per 100ml. Offer price £5, was £7. Add to trolley. NEW. Show more. Online supermarket shopping is easy at Morrisons. Home delivery with convenient 1 hour slots and new low prices. Check your postcode today. Finding products with a list is really easy. Simply type in an item and hit the “Enter” button after each one. Once you've made your list, we can use it to find all the items that you want. Online supermarket shopping is easy at Morrisons. Home delivery with convenient 1 hour slots and new low prices.Online supermarket shopping is easy at Morrisons. Home delivery with convenient 1 hour slots and new low prices. Check your postcode today.Maverix X Ball. Out of stock £2. Morrisons Online Grocery Shopping &amp; Delivery.The Morrisons doorstep delivery is now open seven-days-a-week. Delivery charges are free for the elderly and vulnerable, £2 for students and £4.50 as standard. To use the service call 0345 611 6111 and select option 5. In order to use the service you must live within a 10 mile radius of a Morrisons store.Porky Lights Low Fat Sausages 6 Pack. 400g. £2.75 £6.88 per kg. Add to trolley. Online supermarket shopping is easy at Morrisons. Home delivery with convenient 1 hour slots and new low prices. Check your postcode today.Please check the following before completing the enquiry form below. 1. Check your emails to see if we sent you a note to let you know that this item was not going to be available, or substituted with an alternative. 2. Check your final receipt to see if you have been charged for this item. This will have been sent after your delivery arrived. 3.7 x 123g. £1.95 22.6p per 100g. Buy 2 for £2.50. Add to trolley. Morrisons Online Grocery Shopping &amp; Delivery.Product Issues and Feedback, including substitutions and missing items. Find help and information if you have an issue or feedback about a product you have received in your Online order. Find out more. Dr. Oetker 18 Tall Candles. 18 per pack. £1.49 8.3p each. Add to trolley. Shop Birthday Cakes online at Morrisons. Great offers every week. £25 min spend. Delivery from £1.50. Same-day, same cost.Market Street Beef Roasting JointTypically: 1.7kg. Typically: 1.7kg. Typically £21.60 £13.50 per kg. Add to trolley. Online supermarket shopping is easy at Morrisons. Home delivery with convenient 1 hour slots and new low prices. Check your postcode today.As our online shopping service grows and grows, we now offer miles more coverage across the UK - including some parts of Scotland. Check your postcode below to see if we offer delivery slots in your area. If we do, you can register for a Morrisons.com account in seconds.Online supermarket shopping is easy at Morrisons. Home delivery with convenient 1 hour slots and new low prices. Check your postcode today.340g. £2.50 73.5p per 100g. Add to trolley. Morrisons Online Grocery Shopping &amp; Delivery.Opens a new window. Asda Careers. Opens a new windowMorrisons More. Type in a list of products and we will find them for you. Finding products with a list is really easy. Simply type in an item and hit the "Enter" button after each one. Once you've made your list, we can use it to find all the items that you want.38.54 ms. 26.Oct.2023. 16:20. 27.44 ms. * Times displayed are PT, Pacific Time (UTC/GMT 0) | Current server time is 16:43. We have tried pinging Morrisons website using our server and the website returned the above results. If morrisons.co.uk is down for us too there is nothing you can do except waiting.MORRISONS customers have been left furious over tech issues with online shopping. The problems have seen shoppers' payments declined, some multiple times, resulting in their cards being blocked. 13 x 80ml. £4 £1.67 per 100ml. Add to trolley. Morrisons Online Grocery Shopping &amp; Delivery.Morrisons The Best Christmas Turkey Gravy. 500g. £2.49 49.8p per 100g. Available For Delivery From Late November. Add to trolley. Offer. LIFE 6d.I told her to charge me so I could go sit down. At this point the machine was out of milk so I couldn't have my 4 hot chocolates until someone replaced the milk. ". Morrisons has collected 1855 reviews with an average score of 2.21. There are 517 customers that Morrisons, rating them as bad.Morrisons British Beef Lean Mince 5% Fat. 750g. £5.09 £6.79 per kg. Add to trolley. Morrisons Online Grocery Shopping &amp; Delivery.Arla LactoFREE Skimmed Milk Drink. 1L. £1.35 £1.99 £1.35 per litre. Offer price £1.35, was £1.99. Add to trolley. Other. <a href="bookimg.com-login.html">farm bureau insurance app</a><a href="huntington-ingalls-benefits-upoint.html">app para escuchar peliculas en espanol</a> 18 x 330ml. £21 £25 £3.54 per litre. Offer price £21, was £25. Add to trolley. NEW. Other. Shop Ale online at Morrisons. Great offers every week. £25 min spend. Delivery from £1.50.Hofbrau Original Beer Bottle. 500ml. £3.50 £7.00 per litre. Buy 4 for the Price of 3. Add to trolley. Online supermarket shopping is easy at Morrisons. Home delivery with convenient 1 hour slots and new low prices. Check your postcode today.Our delivery charges range from 99p to £6.99 depending on slot availability. Please take a look at your booking calendar to see individual delivery prices and find a slot that suits you. If your order is less than £75, there's a minimum charge of £2.99 and a maximum of £6.99. For standard orders of £75 or more, you may be offered free ...Dr. Oetker Chocolate Hearts. 40g. £1.79 £4.48 per 100g. Add to trolley. Shop Chocolate online at Morrisons. Great offers every week. £25 min spend. Delivery from £1.50. Same-day, same cost.Morrisons Fc Orange Juice Smooth…. 2L. £1.95 9.8p per 100ml. Add to trolley. Online supermarket shopping is easy at Morrisons. Home delivery with convenient 1 hour slots and new low prices. Check your postcode today.Morrisons Online Grocery Shopping &amp; Delivery Browse Nicotinell Stop Smoking…7 per pack £12.00 Add to trolley Old Bay Seasoning 75g £2.50 Offer price £2.50, was £2.99 Add to trolley Fairy Original All In One D…60 per pack £8.99 Offer price £8.99, was £11 Add to trolley Febreze Ambi Pur 3Volution Spic… £3.50 Offer price £3.50, was £5 Add to trolleyShop Alcohol online at Morrisons. Great offers every week. £25 min spend. Delivery from £1.50. Same-day, same cost.Morrisons Carrot, Broccoli &amp; Brussels Sprouts. 300g. £1.50 50p per 100g. Buy 3 for the Price of 2. Add to trolley. Advertisement.Tropicana Long Life Pure Original Orange Fruit Juice. 850ml. £2 £2.50 23.5p per 100ml. Offer price £2, was £2.50. Add to trolley. Out of Stock.  Usually we offer the same promotions online and in store. However, following new legislation in March 2020, it is no longer legal for Morrisons or any other retailer to sell alcohol below the minimum unit price. Our delivery charges range from 99p to £6.99 depending on slot availability. Please take a look at your booking calendar to see individual delivery prices and find a slot that suits you. If your order is less than £75, there's a minimum charge of £2.99 and a maximum of £6.99. For standard orders of £75 or more, you may be offered free ...Enjoy up to 12 months of grocery deliveries. £ 0. Online supermarket shopping is easy at Morrisons. Home delivery with convenient 1 hour slots and new low prices. Check your postcode today.  Russell Hobbs Steam &amp; Clean Mop Pads. 5 per pack. £10. £2 each. Review this product. Add to trolley. Easily browse and shop from Morrisons mops &amp; buckets aisles. Morrisons is an online supermarket delivering quality groceries direct to your street.750g. £9.99 £1.33 per 100g. Add to trolley. Morrisons Online Grocery Shopping &amp; Delivery.  Healthier Crisps. Pretzels, Jerky &amp; Scratchings. Nuts &amp; Seeds. Crackers &amp; Rice Cakes. Meal Deal Crisps &amp; Snacks. Fruit Snacking. Online supermarket shopping is easy at Morrisons. Home delivery with convenient 1 hour slots and new low prices. Check your postcode today.Find out more about our doorstep delivery service or call us on 0345 611 6111 to place an order.  As our online shopping service grows and grows, we now offer miles more coverage across the UK - including some parts of Scotland. Check your postcode below to see if we offer delivery slots in your area. If we do, you can register for a …Sullivan's Foods is a family owned grocery chain with 11 locations in Northern Illinois that began in 1967. The stores feature Bakeries, Beverages, Wedding and Specialty Cakes, Catering, Dairy, Frozen, Grocery, Health &amp; Beauty, Liquor, Meat, Pets, Produce, Organic, Take &amp; Bake meals. Sullivan's maintains meat cutters on site to provide customers with slicing and advice. Their bakery and ...  Shop Alcohol online at Morrisons. Great offers every week. £25 min spend. Delivery from £1.50. Same-day, same cost.Morrisons Pain Au Chocolat 6 Pack. 6 per pack. £1.89 £2.09 31.5p each. Offer price £1.89, was £2.09. Add to trolley. Offer.Welcome Back! Login to your profile.complete it on the app (or vice versa) Shop quickly using your ‘Favourites’ - find all the things you buy regularly in one place. (we’ll. automatically add your popular purchases after every shop you do). Keep track of your current orders - go back in to check your ordered items, and add or edit. your shop easily before your delivery cut-off.  Please check out our Frequently Asked Questions page and if you are unable to get the information you are looking for please feel free to contact us during business hours between 8am to 5pm Fiji Time, from Monday to Friday on (679) 998-2846 or email:  the email sent to Prime and Morrisons customers, Amazon said: "As of June 19, free two-hour delivery included with your Prime membership will be available when you spend £60 or more. "Orders ...Desktop site © 2023 All rights reserved.Wm Morrison Supermarkets Limited ...  Enjoy personalised offers, discount vouchers and helpful services at your fingertips with Morrisons More. Sign Up Today Find your nearest store, information on opening hours and more, using our Store Finder. Store Finder Find help, information and FAQs in relation to your online order. Help Hub &amp; Contact Us500ml. £3 £5.00 60p per 100ml. Choose. NEW. Show more. Save time with every shop. Order something regularly? Make it an Morrisons Regulars and it will be added to your trolley on Mondays as often as you choose.Morrisons Online Grocery Shopping &amp; Delivery Browse Nicotinell Stop Smoking…7 per pack £12.00 Add to trolley Old Bay Seasoning 75g £2.50 Offer price £2.50, was £2.99 Add to trolley Fairy Original All In One D…60 per pack £8.99 Offer price £8.99, was £11 Add to trolley Febreze Ambi Pur 3Volution Spic… £3.50 Offer price £3.50, was £5 Add to trolley Morrisons Broccoli &amp; Cauliflower Florets. 375g. £1.59 £4.24 per kg. Buy 3 for the Price of 2. Add to trolley. Offer.  800ml. £2.49 £3.11 per litre. Add to trolley. Online supermarket shopping is easy at Morrisons. Home delivery with convenient 1 hour slots and new low prices. Check your postcode today.Finding products with a list is really easy. Simply type in an item and hit the "Enter" button after each one. Once you've made your list, we can use it to find all the items that you want. Online supermarket shopping is easy at Morrisons. Home delivery with convenient 1 hour slots and new low prices.Fairy Original All In One Dishwasher…. 60 per pack. £8.99 £11 15p each. Offer price £8.99, was £11. Add to trolley. Show more. Online supermarket shopping is easy at Morrisons. Home delivery with convenient 1 hour slots and new low prices. Check your postcode today.Morrisons Lean British Beef Medallions. 340g. £4.50 £13.24 per kg. Add to trolley. Online supermarket shopping is easy at Morrisons. Home delivery with convenient 1 hour slots and new low prices. Check your postcode today.Morrisons The Best Thick Lincolnshire Sausages. 400g. £3.25 £8.13 per kg. Buy 2 for £5. Add to trolley. NEW. Other. Online supermarket shopping is easy at Morrisons. Home delivery with convenient 1 hour slots and new low prices.Morrisons phone numbers. +44 345 611 6111. 76 104. Customer Service. +44 345 322 0000. 37 65. Online Shopping Enquiries. More phone numbers.Morrisons Free From Chocolate Digestive Biscuits. 200g. £1.69 84.5p per 100g. Buy 2 for £3. Add to trolley. Offer. LIFE 1m +.MORRISONS customers have been left furious over tech issues with online shopping. The problems have seen shoppers' payments declined, some multiple times, resulting in their cards being blocked. 1Whether you’re hunting for deals on vintage treasures, everyday groceries, or around-the-world airfare, online shopping is loaded with steals, if you know where to find them. Follow these smart tips for savvy shopping and score more deals t...75cl. £7.50 £7.50 per 75cl. Add to trolley. Shop Red Wine online at Morrisons. Great offers every week. £25 min spend. Delivery from £1.50. Same-day, same cost.Enjoy personalised offers, discount vouchers and helpful services at your fingertips with Morrisons More. Sign Up Today Find your nearest store, information on opening hours and more, using our Store Finder. Store Finder Find help, information and FAQs in relation to your online order. Help Hub &amp; Contact UsMorrisons No Added Sugar Apple &amp; Blackcur…. 1.5L. 99p £1.29 6.6p per 100ml. Offer price 99p, was £1.29. Add to trolley. Online supermarket shopping is easy at Morrisons. Home delivery with convenient 1 hour slots and new low prices. Check your postcode today.  Selected Accounts Get £10 off a £60 Spend with Code at Morrisons. Open to UK residents aged 18 or over. Voucher terms: Week 1 Voucher: Valid for orders from 5th September to 9th September 2023 deliveries and collection before 10th September... £10 off Discount Code. Get Code.Morrisons British Beef Lean Mince 5% Fat. 750g. £5.09 £6.79 per kg. Add to trolley. Morrisons Online Grocery Shopping &amp; Delivery.Morrisons Sunshine Bouquet. £10. Add to trolley. Easily browse and shop from Morrisons fresh flowers aisles. Morrisons is an online supermarket delivering quality groceries direct to your street.Morrisons shoppers say they’ve been unable to place online orders with the supermarket - with payments being declined for no reason in some cases. Frustrated customers have been complaining on ...  MORRISONS customers have been left furious over tech issues with online shopping. The problems have seen shoppers' payments declined, some multiple times, resulting in their cards being blocked. 1Morrisons Adult Cat Tasty Chunks In Jelly Ocean's Catch. 40 x 100g. £11.59 29p per 100g. Add to trolley. Show more. Online supermarket shopping is easy at Morrisons. Home delivery with convenient 1 hour slots and new low prices. Check your postcode today.Call Store Customer Services on 0845 611 6111 or 01274 261000. Tweet Morrisons (UK) Watch Morrisons (UK) Follow Morrisons (UK) Follow Morrisons (UK) Follow Morrisons (UK) Comments. Use this comments section to discuss problems you have had with Morrisons (UK), or how they have handled your complaints.  Morrisons The Best Christmas Turkey Gravy. 500g. £2.49 49.8p per 100g. Available For Delivery From Late November. Add to trolley. Offer. LIFE 6d.Our delivery charges range from 99p to £6.99 depending on slot availability. Please take a look at your booking calendar to see individual delivery prices and find a slot that suits you. If your order is less than £75, there's a minimum charge of £2.99 and a maximum of £6.99. For standard orders of £75 or more, you may be offered free ...Find a list of products. Type in a list of products and we will find them for you. Online supermarket shopping is easy at Morrisons. Home delivery with convenient 1 hour slots and new low prices. Check your postcode today.Online shopping from a great selection at Shop All Groceries Store. Skip to main content.co.uk. Delivering to London W1D 7 Sign in to update your location ... Morrisons The Best Marques Los Rios Rioja Crianza, 750 ml. 4.5 out of 5 stars 98.Online supermarket shopping is easy at Morrisons. Home delivery with convenient 1 hour slots and new low prices. Check your postcode today.  Real Food. Morrisons groceries delivered by Amazon is included with your Prime subscription when you spend over £40. Check your postcode and start your shop today.Dublin, Nov. 18, 2020 (GLOBE NEWSWIRE) -- The "UK Online Grocery 2020 by Quarter 2017-2020" report has been added to ResearchAndMarkets.com's offering. When analyzing the structure of the online ...Welcome Back! Login to your profile.Just follow the simple steps below: 1. Sign in to your account and click on "My Account", then the 'Orders' option. 2. Find the order you wish to amend. 3. Click 'Edit', and the order will appear in your trolley. You MUST complete the checkout again to finalise any changes you've made. If you don't, your changes won't be saved.Morrisons The Best Mash Potatoes. 450g. £1.99 £4.42 per kg. Buy 3 for the Price of 2. Add to trolley. Advertisement. Offer.Morrisons Free From Chocolate Orange Cookies. 150g. £1.69 £1.13 per 100g. Buy 2 for £3. Add to trolley. Offer.Full Product Name: A selection of sliced fermented pork sausage with paprika, sliced fermented pork sausage with spices, diced Gouda cheese and tomato and oregano breadsticks. Storage: Keep refrigerated. Use within 2 days of opening. Do not exceed the date shown.Sainsbury's. £12 off £60* shop using code SCSEO23OC12 for first online spend (orders delivered on or before Tuesday 31 October. Nationwide. Delivery costs £1 to £7 depending on the slot you choose. Check out the offers tab for multi-buy deals across many items.Enjoy personalised offers, discount vouchers and helpful services at your fingertips with Morrisons More. Sign Up Today Find your nearest store, information on opening hours and more, using our Store Finder. Store Finder Find help, information and FAQs in relation to your online order. Help Hub &amp; Contact UsMORRISONS customers have been left furious over tech issues with online shopping. The problems have seen shoppers' payments declined, some multiple times, resulting in their cards being blocked. 1Online supermarket shopping is easy at Morrisons. ... Contact Us; Cancel. Book a delivery. View trolley Checkout Minimum spend of £40. Log in Register. Shop Groceries. Favourites; Offers; Inspiration. Recipes; Delivery Pass; Christmas Quaker Oats - 500 Points (Buy 2) Flowers - 1000 Points (Spend £10) ... Morrisons Baking Potatoes 4 per pack 4 ...Morrisons Regulars. You choose your favourites. We add them when you need them. Make your favourite products 'Morrisons Regulars', and we'll automatically add them to your basket on a Monday as often as you …  Morrisons Broccoli &amp; Cauliflower Florets. 375g. £1.59 £4.24 per kg. Buy 3 for the Price of 2. Add to trolley. Offer. LIFE 4d +.Morrisons Carrot, Broccoli &amp; Brussels Sprouts. 300g. £1.50 50p per 100g. Buy 3 for the Price of 2. Add to trolley. Advertisement.Morrisons Supermarket £12 Discount Code Min Spend £70. £12 off £70 voucher terms: Voucher valid on orders before 25th March 2023 and for deliveries or collection before 26th March 2023. £70 minimum spend applies. The minimum spend... Morrisons is one of the UK's biggest supermarkets.  Finding products with a list is really easy. Simply type in an item and hit the "Enter" button after each one. Once you've made your list, we can use it to find all the items that you want. Online supermarket shopping is easy at Morrisons. Home delivery with convenient 1 hour slots and new low prices.Offers. Inspiration &amp; Events. Bundle offers. Meal deals. Recipes. Delivery Pass. Online supermarket shopping is easy at Morrisons. Home delivery with convenient 1 hour slots and new low prices. Check your postcode today. Morrisons More. Type in a list of products and we will find them for you. Finding products with a list is really easy. Simply type in an item and hit the "Enter" button after each one. Once you've made your list, we can use it to find all the items that you want.Salt X Drop Project Neipa. 440ml. £3.25 £7.39 per litre. Buy 4 for the Price of 3. Add to trolley. Morrisons Online Grocery Shopping &amp; Delivery.  In the email sent to Prime and Morrisons customers, Amazon said: "As of June 19, free two-hour delivery included with your Prime membership will be available when you spend £60 or more. "Orders ...We are currently offering the opportunity to have your order delivered in a 1-hour delivery window, depending on slot availability and postcode. Please note, a £3 fee will apply for orders over £60. For orders between £40-£60, a £5 fee will be applied. For orders below £40 (minimum spend £15), a fee of £7 will apply.  Click &amp; Collect our award winning groceries. Click on a category below to start shopping! Shop Grocery Click and Collect with ALDI, named Which? Cheapest Supermarket of 2021. Order groceries online and collect in store.Is Morrisons down - October, 2023? Morrisons Outages and Status. Morrisons is a British supermarket chain that specialises in providing fresh food and groceries to customers. It offers a wide variety of products, ranging from fresh produce to ready-made meals, as well as a large selection of alcohol, health and beauty products.Morrisons Peeled Sprouts. 200g. £1.49 £7.45 per kg. Buy 3 for the Price of 2. Add to trolley. Offer. LIFE 3d +.We serve thousands of new customers every week. Join other shoppers in your area, and try Morrisons.com today. Online supermarket shopping is easy at Morrisons. Home delivery with convenient 1 hour slots and new low prices. Check your postcode today.Morrisons Carrot, Broccoli &amp; Brussels Sprouts. 300g. £1.50 50p per 100g. Buy 3 for the Price of 2. Add to trolley. Advertisement.In the fiercely competitive world of grocery retail, customer loyalty plays a crucial role in driving growth and maintaining a strong market presence. One company that understands the power of loyalty is Morrisons, a leading supermarket cha...Morrisons is today announcing a new dedicated telesales shopping service aimed specifically at helping to ensure vulnerable and elderly people can get the groceries they need. Customers who wish to place an order should …Rex London Space Age Umbrella. £8.95 £8.95 each. Add to trolley. Online supermarket shopping is easy at Morrisons. Home delivery with convenient 1 hour slots and new low prices. Check your postcode today.  We're Going On A Bear Hunt. £7.99 £7.99 each. Add to trolley. Online supermarket shopping is easy at Morrisons. Home delivery with convenient 1 hour slots and new low prices. Check your postcode today.Offers. Inspiration. Recipes. Delivery Pass. Christmas. Online supermarket shopping is easy at Morrisons. Home delivery with convenient 1 hour slots and new low prices. …Enjoy up to 12 months of grocery deliveries. £ 0. Online supermarket shopping is easy at Morrisons. Home delivery with convenient 1 hour slots and new low prices. Check your postcode today.  Online supermarket shopping is easy at Morrisons. ... Contact Us; Cancel. Book a delivery. View trolley Checkout Minimum spend of £40. Log in Register. Shop Groceries. Favourites; Offers; Inspiration. Recipes; Delivery Pass; Christmas Quaker Oats - 500 Points (Buy 2) Flowers - 1000 Points (Spend £10) ... Morrisons Baking Potatoes 4 per pack 4 ...Explore Cotton Candy Seedless Grapes. 400g. £2.25 £5.63 per kg. Add to trolley. Morrisons Online Grocery Shopping &amp; Delivery.English Cheesecake Company Salted C…. 175g. £3.50 £2.00 per 100g. Add to trolley. Morrisons Online Grocery Shopping &amp; Delivery.Morrisons Reduced Fat Spreadable with Real Butter. 450g. £1.97 £4.38 per kg. Add to trolley. Online supermarket shopping is easy at Morrisons. Home delivery with convenient 1 hour slots and new low prices. Check your postcode today.  Please check the following before completing the enquiry form below. 1. Check your emails to see if we sent you a note to let you know that this item was not going to be available, or substituted with an alternative. 2. Check your final receipt to see if you have been charged for this item. This will have been sent after your delivery arrived. 3.Online supermarket shopping is easy at Morrisons. Home delivery with convenient 1 hour slots and new low prices. ... Sweets &amp; Biscuits Party Food Bakery &amp; Cakes Drinks Cheeseboard Free From Gift Shop Decorations, Cards, Wrap &amp; Accessories The Best At ... Wm Morrison Supermarkets Limited ...Cune Mencia. 75cl. £8.50 £11 £8.50 per 75cl. Offer price £8.50, was £11. Add to trolley. Morrisons Online Grocery Shopping &amp; Delivery.3L. £5.99 £2.00 per litre. Add to trolley. Morrisons Online Grocery Shopping &amp; Delivery.Online supermarket shopping is easy at Morrisons. ... Contact Us; Cancel. Book a delivery. View trolley Checkout Minimum spend of £40. Log in Register. Shop Groceries. Favourites; Offers; Inspiration. Recipes; Delivery Pass; Christmas Fresh Milk; Free From Dairy; Flavoured Milk Drinks ... Morrisons Long Life Unsweetened Soya Milk Alternative ...Besides big-name brands like Tesco and Aldi, one of the most regularly used online grocery delivery platforms in the UK was Dija, a dark store grocery retailer founded in 2020 by former Deliveroo ...1. Search Morrisons More in the App or Play store and download the app. 2. Follow the steps on screen to set up your account. 3. Start scanning your digital card to earn More Points and access Exclusive Prices straight away. Wm Morrison Supermarkets Limited. Easily browse and shop from Morrisons small appliances aisles. Morrisons is an online supermarket delivering quality groceries direct to your street.Morrisons | Online Shopping | Food, Drink &amp; More To Your Door Regulars Morrisons Regulars You choose your favourites. We add them when you need them. Make your favourite products 'Morrisons Regulars', and we'll automatically add them to your basket on a Monday as often as you need them. Get Started Food Cupboard Baby &amp; Toddler Household &amp; LaundryMorrisons Carrot, Broccoli &amp; Brussels Sprouts. 300g. £1.50 50p per 100g. Buy 3 for the Price of 2. Add to trolley. Advertisement.Morrisons Raspberry, 150 g. 1,966. 10K+ bought in past month. £225 (£15.00/kg) Get 3 for the price of 2 Shop items. FREE same-day delivery on orders over £60 with Prime.Now, with 491 stores as well as a fast-growing online shopping service at Morrisons.com the business continues to focus on delivering freshness and quality to millions of customers across the UK - wherever they want to shop for their groceries. Foodmakers and shopkeepers at heart, we have over 9,000 trained butchers, bakers, fishmongers ...Edge Max Mango Ice Menthol E-Liquid 3mg. £2.85. Add to trolleyMorrisons No Added Sugar Apple &amp; Blackcur…. 1.5L. 99p £1.29 6.6p per 100ml. Offer price 99p, was £1.29. Add to trolley. Online supermarket shopping is easy at Morrisons. Home delivery with convenient 1 hour slots and new low prices. Check your postcode today. Morrisons groceries delivered by Amazon is included with your Prime subscription when you spend over £40. Check your postcode and start your shop today. Browse the Offers. This page provides you with the latest offers and special buys for Morrisons. The company provides customers across the UK with everything they need in almost 500 stores. Morrisons offers best prices than its competitors. In the latest leaflet you can browse through the hand-picked award-winning food and non-foods products.  Morrisons Scotch 24 Beef Meatballs. 645g. £4.25 £6.59 per kg. Buy 3 for £10. Add to trolley. Offer. LIFE 4d +.  Pringle Womens Invisible Liner Socks, White, Size 4-8. 3 per pack. £11.99 £4.00 each. Add to trolley. Online supermarket shopping is easy at Morrisons. Home delivery with convenient 1 hour slots and new low prices. Check your postcode today.Morrisons phone numbers. +44 345 611 6111. 76 104. Customer Service. +44 345 322 0000. 37 65. Online Shopping Enquiries. More phone numbers.In the email sent to Prime and Morrisons customers, Amazon said: "As of June 19, free two-hour delivery included with your Prime membership will be available when you spend £60 or more. "Orders ...15 x 15.5g. £2.50 £4 £1.08 per 100g. Offer price £2.50, was £4. Add to trolley. Online supermarket shopping is easy at Morrisons. Home delivery with convenient 1 hour slots and new low prices. Check your postcode today.MORRISONS customers have been left furious over tech issues with online shopping. The problems have seen shoppers' payments declined, some multiple times, resulting in their cards being blocked. 1Morrisons phone numbers. +44 345 611 6111. 76 104. Customer Service. +44 345 322 0000. 37 65. Online Shopping Enquiries. More phone numbers.Browse the Offers. This page provides you with the latest offers and special buys for Morrisons. The company provides customers across the UK with everything they need in almost 500 stores. Morrisons offers best prices than its competitors. In the latest leaflet you can browse through the hand-picked award-winning food and non-foods products.Expiry Date. £15 Off £60+ Spends for New Customers at Morrisons. Online Code. 5 November. Free £5 Gift Card with Orders Over £35 at Morrisons. Exclusive Online Reward. 31 October. Free £10 Gift Card with Orders Over £80 at Morrisons. Exclusive Online Reward.Enjoy up to 12 months of grocery deliveries. £ 0. Online supermarket shopping is easy at Morrisons. Home delivery with convenient 1 hour slots and new low prices. Check your postcode today.200ml. £11 £55.00 per litre. Add to trolley. Online supermarket shopping is easy at Morrisons. Home delivery with convenient 1 hour slots and new low prices. Check your postcode today.Cune Mencia. 75cl. £8.50 £11 £8.50 per 75cl. Offer price £8.50, was £11. Add to trolley. Morrisons Online Grocery Shopping &amp; Delivery.evian Natural Mineral Water. 6 x 50cl. £3 10p per 100ml. Add to trolley. Online supermarket shopping is easy at Morrisons. Home delivery with convenient 1 hour slots and new low prices. Check your postcode today.Online supermarket shopping is easy at Morrisons. Home delivery with convenient 1 hour slots and new low prices. Check your postcode today. John Smith's Extra Smooth Ale Beer Cans. 4 x 440ml. £5 £2.84 per litre. Add to trolley. Online supermarket shopping is easy at Morrisons. Home delivery with convenient 1 hour slots and new low prices. Check your postcode today.Meet Kitchenful, a new German startup backed by Y Combinator that wants to make it easier to cook at home by taking care of menu ideas and grocery shopping. The service is currently available in early access in Germany, with a focus on Berl...  1. Search Morrisons More in the App or Play store and download the app. 2. Follow the steps on screen to set up your account. 3. Start scanning your digital card to earn More Points and access Exclusive Prices straight away.English Cheesecake Company Salted Caramel…. 214g. £3.75 £1.75 per 100g. Add to trolley.Online supermarket shopping is easy at Morrisons. Home delivery with convenient 1 hour slots and new low prices. Check your postcode today.60ml. £5 £7 £8.34 per 100ml. Offer price £5, was £7. Add to trolley. NEW. Show more. Online supermarket shopping is easy at Morrisons. Home delivery with convenient 1 hour slots and new low prices. Check your postcode today. Morrisons Carrot, Broccoli &amp; Brussels Sprouts. 300g. £1.50 50p per 100g. Buy 3 for the Price of 2. Add to trolley. Advertisement.  Is Morrisons down - October, 2023? Morrisons Outages and Status. Morrisons is a British supermarket chain that specialises in providing fresh food and groceries to customers. It offers a wide variety of products, ranging from fresh produce to ready-made meals, as well as a large selection of alcohol, health and beauty products.Jus Rol Shortcrust 2 Pastry Blocks. 1kg. £2.35 23.5p per 100g. Add to trolley. Morrisons Online Grocery Shopping &amp; Delivery.1. Search Morrisons More in the App or Play store and download the app. 2. Follow the steps on screen to set up your account. 3. Start scanning your digital card to earn More Points and access Exclusive Prices straight away.  Ecover Lemon &amp; Aloe Vera Washing Up Liquid 450ml 450ml. £1.80 £2 £4.00 per litre. Offer price £1.80, was £2Make use of other supermarkets if you need to shop online. If you're a regular online shopper, check out our Online Grocery Delivery Offers guide for money-off codes for newbies, including £15 off your first £60+ online spend at Sainsbury's.  Arden Grange Adult Chicken &amp; Rice Dry Dog Food. 2kg. £10.75 £5.38 per kg. Add to trolley.Desktop site © 2023 All rights reserved.Wm Morrison Supermarkets Limited ...350g. Out of stock £11 £3.14 per 100g. See Alternatives. Morrisons Online Grocery Shopping &amp; Delivery.  Finding products with a list is really easy. Simply type in an item and hit the “Enter” button after each one. Once you've made your list, we can use it to find all the items that you want. Online supermarket shopping is easy at Morrisons. Home delivery with convenient 1 hour slots and new low prices. Cune Mencia. 75cl. £8.50 £11 £8.50 per 75cl. Offer price £8.50, was £11. Add to trolley. Morrisons Online Grocery Shopping &amp; Delivery.Old El Paso Cheesy Baked Enchilada Dinner Kit. 663g. £3 £3.79 45.3p per 100g. Offer price £3, was £3.79. Add to trolley. Shop Food Cupboard online at Morrisons. Great offers every week. £25 min spend. Delivery from £1.50. Same-day, same cost.Fast delivery options. Prime members will benefit from Amazon’s fastest grocery delivery offer, usually as fast as same-day for orders placed before 3pm in most areas. Delivery is included in your Prime membership for orders above £40. Morrisons Online Grocery Shopping &amp; Delivery. Groceries; Food To Order; Morrisons More; Blog; McColl's; Gift Cards; Store Finder; Contact Us; Cancel. Book a delivery. ... Morrisons The Best Air Dried Unsmoked British Back Bacon 200g 200g. £2.75 £1.38 per 100g. Buy 2 for £5. Add to trolley. On Offer &amp; More Points.Join hundreds of shoppers in your area, and save time as well as money with online shopping. Register and start your first shop with us. *Refers to unprocessed fresh beef, pork, lamb, chicken &amp; turkey. It's easy to shop groceries online from your sofa, on the bus or even at your desk. Just add items to your basket and checkout - we'll deliver ...In the email sent to Prime and Morrisons customers, Amazon said: "As of June 19, free two-hour delivery included with your Prime membership will be available when you spend £60 or more. "Orders ...Online grocery shopping has become increasingly popular in recent years, and for good reason. Stop and Shop is one of the leading online grocery stores, offering customers convenience and savings. Here are some of the benefits of shopping a...More startup swapping in the food delivery space: Spain’s Glovo, an on-demand delivery platform which operates a network of dark stores focused on urban convenience shopping, is pushing deeper into planned grocery shopping — announcing the ...Asda online shopping delivery is a convenient and cost-effective way to get your groceries delivered right to your doorstep. With Asda’s wide selection of products, you can find everything you need for your weekly shop, from fresh produce t...We serve thousands of new customers every week. Join other shoppers in your area, and try Morrisons.com today. Online supermarket shopping is easy at Morrisons. Home delivery with convenient 1 hour slots and new low prices. Check your postcode today.3 x 20ml. £5.99 £9 £9.98 per 100ml. Offer price £5.99, was £9. Add to trolley. Show more. Online supermarket shopping is easy at Morrisons. Home delivery with convenient 1 hour slots and new low prices. Check your postcode today.Desktop site © 2023 All rights reserved.Wm Morrison Supermarkets Limited ...Morrisons Carrot, Broccoli &amp; Brussels Sprouts. 300g. £1.50 50p per 100g. Buy 3 for the Price of 2. Add to trolley. Advertisement.Online supermarket shopping is easy at Morrisons. Home delivery with convenient 1 hour slots and new low prices. ... Shop Groceries Favourites Offers Inspiration MORE EXCLUSIVES. MORE EXCLUSIVES. MEGA PAY DAY EVENT. MEGA PAY DAY EVENT. HALLOWEEN ... Morrisons Moroccan Style Houmous 200g 200g. £1.35 67.5p per 100g. Buy 2 for £2 ...To make things easy, we’ll automatically direct you to the right one for your area during the. download process. Online Shopping Made Easy: Log in with your Facebook account (that’s one less password to remember). Stay sync’d with your Morrisons.com account - start an order on your computer and. complete it on the app (or vice versa).Morrisons The Best Thick Lincolnshire Sausages. 400g. £3.25 £8.13 per kg. Buy 2 for £5. Add to trolley. Online supermarket shopping is easy at Morrisons. Home delivery with convenient 1 hour slots and new low prices. Check your postcode today.  Old El Paso Cheesy Baked Enchilada Dinner Kit. 663g. £3 £3.79 45.3p per 100g. Offer price £3, was £3.79. Add to trolley. Shop Food Cupboard online at Morrisons. Great offers every week. £25 min spend. Delivery from £1.50. Same-day, same cost.Please check out our Frequently Asked Questions page and if you are unable to get the information you are looking for please feel free to contact us during business hours between 8am to 5pm Fiji Time, from Monday to Friday on (679) 998-2846 or email: .  We would like to show you a description here but the site won’t allow us.Product Issues and Feedback, including substitutions and missing items. Find help and information if you have an issue or feedback about a product you have received in your Online order. Find out more.1. Search Morrisons More in the App or Play store and download the app. 2. Follow the steps on screen to set up your account. 3. Start scanning your digital card to earn More Points and access Exclusive Prices straight away. Morrisons groceries delivered by Amazon is included with your Prime subscription when you spend over £40. Check your postcode and start your shop today.Found Mary Blue Razz Lemon 20mg. £5.99. Add to trolley. Morrisons Online Grocery Shopping &amp; Delivery.Morrisons Broccoli &amp; Cauliflower Florets. 375g. £1.59 £4.24 per kg. Buy 3 for the Price of 2. Add to trolley. Offer. 630g. £4 63.5p per 100g. More Card Exclusive Buy 2, Save £2 Off Future Shop. Add to trolley. Offer.Dr. Beckmann Magic Leaves Laundry Det…. 25 per pack. £4.50 18p each. Add to trolley. Morrisons Online Grocery Shopping &amp; Delivery.We serve thousands of new customers every week. Join other shoppers in your area, and try Morrisons.com today. Online supermarket shopping is easy at Morrisons. Home delivery with convenient 1 hour slots and new low prices. Check your postcode today. Minecraft Overworld Treasure X Single Pack. £10. Add to trolley. Morrisons Online Grocery Shopping &amp; Delivery.25% Off grocery orders, delivery, and more. Choose from 27 Morrisons discount codes and vouchers. Get the best prices for October 2023 with our voucher codes.McCain Naked Oven Chips Straight. 1.7kg. £3.69 £2.17 per kg. Add to trolley. Online supermarket shopping is easy at Morrisons. Home delivery with convenient 1 hour slots and new low prices. Check your postcode today.WKD Blue. 10 x 250ml. £12 48p per 100ml. Add to trolley. Morrisons Online Grocery Shopping &amp; Delivery.500ml. £3 £5.00 60p per 100ml. Choose. NEW. Show more. Save time with every shop. Order something regularly? Make it an Morrisons Regulars and it will be added to your trolley on Mondays as often as you choose.Collect your order. Arrive at collection point within your chosen time slot and let us know you've arrived using the link in your 'ready to collect' email or text message. We'll then bring your shopping out to your car. Click &amp; Collect grocery shopping is easy at Morrisons. Order online, turn up to your chosen collection slot and we'll bring ...Morrisons groceries delivered by Amazon is included with your Prime subscription when you spend over £40. Check your postcode and start your shop today.Opens a new window. Asda Careers. Opens a new windowMad About Single Malt Whisky With 50ml Jura Journey. £8.50. Review this product. Available For Delivery From Late October. Add to trolley. Easily browse and shop from Morrisons on offer aisles. Morrisons is an online supermarket delivering quality groceries direct to your street.Online supermarket shopping is easy at Morrisons. Home delivery with convenient 1 hour slots and new low prices. Check your postcode today.150g. £4.25 £28.33 per kg. Buy 3 for £10. Add to trolley. Online supermarket shopping is easy at Morrisons. Home delivery with convenient 1 hour slots and new low prices. Check your postcode today.Fast delivery options. Prime members will benefit from Amazon’s fastest grocery delivery offer, usually as fast as same-day for orders placed before 3pm in most areas. Delivery is included in your Prime membership for orders above £40.Morrisons plans to cut down on its online delivery service due to a gradual return to pre-pandemic consumer behaviour while boosting its in-store experience. GlobalData Consumer September 28, 2021. Morrisons has announced that they are planning to axe the online delivery service in 50 of its UK supermarket branches.Morrisons Whole Seabream. 313g. £3 £9.58 per kg. Add to trolley. Online supermarket shopping is easy at Morrisons. Home delivery with convenient 1 hour slots and new low prices. Check your postcode today.  Morrisons Free From Chocolate Orange Cookies. 150g. £1.69 £1.13 per 100g. Buy 2 for £3. Add to trolley. Offer.Online supermarket shopping is easy at Morrisons. ... Contact Us; Cancel. Book a delivery. View trolley Checkout Minimum spend of £40. Log in Register. Shop Groceries. Favourites; Offers; Inspiration. Recipes; Delivery Pass; Christmas Fresh Milk; Free From Dairy; Flavoured Milk Drinks ... Morrisons Long Life Unsweetened Soya Milk Alternative ...10kg. £20.99 21p per 100g. Add to trolley. Morrisons Online Grocery Shopping &amp; Delivery.In today’s fast-paced world, finding time to go grocery shopping can be a challenge. Between work, family, and other commitments, it’s easy for shopping to fall to the bottom of the to-do list. Thankfully, Morrisons Online Shop provides a c...The next three days, however, are showing to be completely booked up everywhere. Buy Morrisons shopping online. Morrisons essential food box: prices start from £30. If you're stuck at home at the ...  Online supermarket shopping is easy at Morrisons. ... Contact Us; Cancel. Book a delivery. View trolley Checkout Minimum spend of £40. Log in Register. Shop Groceries. Favourites; Offers; Inspiration. Recipes; Delivery Pass; Christmas Chocolate Sticks &amp; Cones; Ice Cream Tubs ... Morrisons Mochi Ice Cream Selection 156g 156g. £2.50 £3.49 £1. ...Product Issues and Feedback, including substitutions and missing items. Find help and information if you have an issue or feedback about a product you have received in your Online order. Find out more.Sensodyne Sensitivity, Gum And Enamel Toothpaste. 75ml. £5 £6.67 per 100ml. Sensodyne Sensitive - Buy Any 3 For £11. Add to trolley. Online supermarket shopping is easy at Morrisons. Home delivery with convenient 1 hour slots and new low prices. Check your postcode today. 800ml. £2.49 £3.11 per litre. Add to trolley. Online supermarket shopping is easy at Morrisons. Home delivery with convenient 1 hour slots and new low prices. Check your postcode today. <a href="solo-leveling-crossover-fanfiction.html">£8.95 £8.95 each</a><a href="escargar-mp3.html">Offer.Online supermarket shopping is easy at Morrisons</a><a href="tampa-downs-results.html">£5 £7 £8.34 per 100ml</a><a href="how-to-relationship-building.html">Home delivery with convenient 1 hour slots and new low prices</a><a href="start-friendship.html">Add to trolley</a><a href="o'reilly's-yuba-city.html">Buy 2 for £2.50</a><a href="firstline-login.html">Add to trolley</a><a href="pueblo-car-auction.html">Check your postcode today.Meet Kitchenful, a new German startup backed by Y Combinator that wants to make it easier to cook at home by taking care of menu ideas and grocery shopping</a><a href="simon-rex-nude.html">Arrive at collection point within your chosen time slot and let us know you've arrived using the link in your 'ready to collect' email or text message</a><a href="photoart.html">Check your postcode today.WKD Blue</a><a href="restrt.html">£1.95 9.8p per 100ml</a><a href="b4-schedule.html">Offer price 99p, was £1.29</a><a href="espn-scorecenter.html">Delivery from £1.50</a><a href="publix-super-market-at-palm-bay-center.html">£25 min spend</a><a href="smartprxy.html">Buy 3 for the Price of 2</a><a href="video-rumble.html">Online supermarket shopping is easy at Morrisons</a><a href="fox-4-weather-radar-kansas-city.html">Check your postcode today</a><a href="cellmapper-app.html">375g</a></p><br/><ul class="links"></ul></div></sup></sup></sup></sup></sup></sup></sup></sup></sup></sup></sup></sup></sup></sup></sup><script data-cfasync="false" src="../cdn-cgi/scripts/5c5dd728/cloudflare-static/email-decode.min.js"></script>
<!-- Google tag (gtag.js) -->
<script async="" src="https://www.googletagmanager.com/gtag/js?id=G-BHLC8B3GE4"></script>
<script>
      window.dataLayer = window.dataLayer || [];
      function gtag(){dataLayer.push(arguments);}
      gtag('js', new Date());

      gtag('config', 'G-BHLC8B3GE4');
    </script>

<!-- Google tag (gtag.js) -->
<script async="" src="https://www.googletagmanager.com/gtag/js?id=G-BHLC8B3GE4"></script>
<script>
      window.dataLayer = window.dataLayer || [];
      function gtag(){dataLayer.push(arguments);}
      gtag('js', new Date());

      gtag('config', 'G-BHLC8B3GE4');
    </script>
</body>
<!-- Mirrored from sentimentaleconomics.eu/blog/morrison-online-shopping-groceries.html by HTTrack Website Copier/3.x [XR&CO'2014], Sat, 09 Dec 2023 03:22:01 GMT -->
</html>